@book{garey_johnson_1979, 
title={Computers and intractability: a guide to the Theory of NP-Completeness},
volume={A1.3},
publisher={W.H. Freeman},
author={Garey, Michael R. and Johnson, David S.},
year={1979},
pages={199-200},
isbn={9780716710455}
}

@book{cormen:BFS,
  title={Introduction To Algorithms. Third edtition.},
  author={Cormen, T.H. and Leiserson, C.E. and Rivest, R.L. and Stein, C.},
  pages={597},
  isbn={9780262533058},
  series={Introduction to Algorithms},
  year={2009},
  publisher={MIT Press}
}

